@book{kyoukasho,
	author = "啓林館",
	title = "新編 数学C",
	year = "2024",
	edition = "令和6年版",
	publisher = "啓林館",
	address = "東京, Japan",
	ISSN/ISBN = "9784402032593",
}

@book{umehara_yamada_bon,
	author = {梅原雅顕 and 山田光太郎},
	title = "曲線と曲面 : 微分幾何的アプローチ",
	year = "2015",
	month = "2015.2",
	edition = "改訂版",
	publisher = "裳華房",
	address = "東京, Japan",
	ISSN/ISBN = "9784785315634 [4785315636]",
}

@book{sugiura_kaiseki,
	author = "杉浦光夫",
	title = "解析入門",
	year = "1980",
	month = "1980.3-1985.4",
	key = "解析学",
	publisher = "東京大学出版会",
	address = "東京, Japan",
	ISSN/ISBN = "9784130620055 [4130620053] (1)",
	series = "基礎数学 ; 2-3",
}